%% Article notes in paper.bib
%% 

@article{choisy2012changing,
  title={Changing spatial epidemiology of pertussis in continental USA},
  author={Choisy, Marc and Rohani, Pejman},
  journal={Proceedings of the Royal Society of London B: Biological Sciences},
  volume={279},
  number={1747},
  pages={4574--4581},
  year={2012},
  publisher={The Royal Society}
}

@article{viboud2006synchrony,
  title={Synchrony, waves, and spatial hierarchies in the spread of influenza},
  author={Viboud, C{\'e}cile and Bj{\o}rnstad, Ottar N and Smith, David L and
Simonsen, Lone and Miller, Mark A and Grenfell, Bryan T},
  journal={science},
  volume={312},
  number={5772},
  pages={447--451},
  year={2006},
  publisher={American Association for the Advancement of Science}
}

@misc{spolsky2000joel, 
    title={The Joel Test: 12 Steps to Better Code}, 
    url={http://www.joelonsoftware.com/articles/fog0000000043.html}, 
    author={Spolsky, Joel}, 
    year={2000}, month={Aug}
}
 

@article{magori2009skeeter,
  title={{Skeeter Buster: A Stochastic, Spatially Explicit Modeling Tool for Studying {\em Aedes aegypti} Population Replacement and Population Suppression Strategies}},
  longauthor={Magori, Krisztian and Legros, Mathieu and Puente, Molly E and Focks, Dana A and Scott, Thomas W and Lloyd, Alun L and Gould, Fred},
  author={Magori, K. and Legros, M. and Puente, M. E. and Focks, D. A. and Scott, T. W. and Lloyd, A. L. and Gould, F.},
  journal={PLoS Neglected Tropical Diseases},
  volume={3},
  number={9},
  pages={e508},
  year={2009},
  publisher={Public Library of Science}
}

%% companion to above
@article{okamoto2013reduce,
  title={A reduce and replace strategy for suppressing vector-borne diseases:
insights from a stochastic, spatial model},
  author={Okamoto, Kenichi W and Robert, Michael A and Lloyd, Alun L and Gould,
Fred},
  journal={PloS one},
  volume={8},
  number={12},
  pages={e81860},
  year={2013},
  publisher={Public Library of Science}
}

@article{hamer2010invasion,
  title={Invasion of the Lyme disease vector Ixodes scapularis: implications for
Borrelia burgdorferi endemicity},
  author={Hamer, Sarah A and Tsao, Jean I and Walker, Edward D and Hickling,
Graham J},
  journal={EcoHealth},
  volume={7},
  number={1},
  pages={47--63},
  year={2010},
  publisher={Springer}
}


@article{evans2012importance,
  title={The importance of space, time, and stochasticity to the demography and
management of Alliaria petiolata},
  author={Evans, Jeffrey A and Davis, Adam S and Raghu, Sathyamurthy and
Ragavendran, Ashok and Landis, Douglas A and Schemske, Douglas W},
  journal={Ecological Applications},
  volume={22},
  number={5},
  pages={1497--1511},
  year={2012},
  publisher={Wiley Online Library}
}


@article{gunning2013probabilistic,
  title={{Probabilistic measures of persistence and extinction in measles (meta)populations}},
  author={\textbf{Gunning, C.E.} and Wearing, H.J.},
  journal={Ecol. Lett.},
  year={2013},
  volume={16},
  pages={985-994},
  publisher={Wiley Online Library}
}

@article{gunning2014conserved,
  title={Conserved patterns of incomplete reporting in pre-vaccine era childhood diseases},
  author={\textbf{Gunning, C.E.} and Erhardt, E. and Wearing, H.J.},
  longauthor={Gunning, Christian E and Erhardt, Erik and Wearing, Helen J},
  longjournal={Proceedings of the Royal Society B: Biological Sciences},
  journal={Proc. R. Soc. B},
  volume={281},
  number={1794},
  pages={20140886},
  year={2014},
  publisher={The Royal Society}
}

@article{gunning2016cryptic,
  title={Evidence of cryptic incidence in childhood diseases},
  author={\textbf{Gunning, C.E.} and Ferrari, M.J. and Erhardt, E. and Wearing, H.J.},
  longjournal={Proceedings of the Royal Society B: Biological Sciences},
  journal={In Submission},
  year={2016}
}

M.R. Vellaâ€ , C.E. Gunning, A.L. Lloyd, F. Gould. Evaluating strategies for reversing CRISPR-Cas9 gene drives.
@article{vella2016evaluating,
  title={Evaluating strategies for reversing CRISPR-Cas9 gene drives},
  author={Vella, M.R. and \textbf{Gunning, C.E.} and Lloyd, A.L and Gould, F.}, 
  journal={In Review},
  year={2016}
}
